@misc{dictionaries2010frequency,
  title={What is the frequency of the letters of the alphabet in English},
  author={Dictionaries, Oxford},
  year={2010}
}

@article{cho2006jprofiler,
  title={Jprofiler: Code coverage analysis tool for omp project},
  author={Cho, Eun-young},
  journal={Technical Report: CMU 17--654 \& 17, Tech. Rep.},
  year={2006}
}