@article{cormen1990introduction,
  title={Introduction to algorithm the mit press},
  author={Cormen, T and Leiserson, C and Rivest, R and Stein, Clifford},
  journal={Cambridge, Massachusetts},
  year={1990}
}

@inproceedings{cai2009canonical,
  title={Canonical coin systems for change-making problems},
  author={Cai, Xuan},
  booktitle={2009 Ninth International Conference on Hybrid Intelligent Systems},
  volume={1},
  pages={499--504},
  year={2009},
  organization={IEEE}
}
